<record><leader>00000cas a2200000 a 4500</leader><controlfield tag="001">22945450</controlfield><controlfield tag="008">910110d1uuu19uuiludr ne      0   a0eng c</controlfield><datafield ind1=" " ind2=" " tag="010"><subfield code="a">sn 90054165 </subfield></datafield><datafield ind1=" " ind2=" " tag="040"><subfield code="a">NVF</subfield><subfield code="b">eng</subfield><subfield code="c">NVF</subfield><subfield code="d">NVF</subfield><subfield code="d">OCLCF</subfield><subfield code="d">NVF</subfield><subfield code="d">OCLCO</subfield></datafield><datafield ind1="1" ind2=" " tag="029"><subfield code="a">AU@</subfield><subfield code="b">000020630889</subfield></datafield><datafield ind1=" " ind2=" " tag="042"><subfield code="a">pcc</subfield></datafield><datafield ind1=" " ind2=" " tag="043"><subfield code="a">n-us-il</subfield></datafield><datafield ind1="0" ind2="0" tag="245"><subfield code="a">Grundy County daily gazette.</subfield></datafield><datafield ind1=" " ind2=" " tag="260"><subfield code="a">Morris, Ill. :</subfield><subfield code="b">Grundy County Pub. Co.</subfield></datafield><datafield ind1=" " ind2=" " tag="300"><subfield code="a">v.</subfield></datafield><datafield ind1=" " ind2=" " tag="310"><subfield code="a">Daily</subfield></datafield><datafield ind1=" " ind2=" " tag="580"><subfield code="a">Grundy County weekly gazette, &lt;1910&gt;.</subfield></datafield><datafield ind1=" " ind2=" " tag="588"><subfield code="a">Description based on: Vol. 14, no. 201 (Dec. 30, 1910).</subfield></datafield><datafield ind1=" " ind2=" " tag="588"><subfield code="a">Latest issue consulted: Mar. 24, 1914.</subfield></datafield><datafield ind1=" " ind2="0" tag="651"><subfield code="a">Morris (Ill.)</subfield><subfield code="v">Newspapers.</subfield></datafield><datafield ind1=" " ind2="0" tag="651"><subfield code="a">Grundy County (Ill.)</subfield><subfield code="v">Newspapers.</subfield></datafield><datafield ind1=" " ind2="7" tag="651"><subfield code="a">Illinois</subfield><subfield code="z">Grundy County.</subfield><subfield code="2">fast</subfield><subfield code="0">(OCoLC)fst01209958</subfield></datafield><datafield ind1=" " ind2="7" tag="651"><subfield code="a">Illinois</subfield><subfield code="z">Morris.</subfield><subfield code="2">fast</subfield><subfield code="0">(OCoLC)fst01217885</subfield></datafield><datafield ind1=" " ind2="7" tag="655"><subfield code="a">Newspapers.</subfield><subfield code="2">fast</subfield><subfield code="0">(OCoLC)fst01423814</subfield></datafield><datafield ind1=" " ind2=" " tag="752"><subfield code="a">United States</subfield><subfield code="b">Illinois</subfield><subfield code="c">Grundy</subfield><subfield code="d">Morris.</subfield></datafield><datafield ind1="1" ind2=" " tag="775"><subfield code="t">Grundy County weekly gazette</subfield><subfield code="w">(DLC)sn 90054166</subfield><subfield code="w">(OCoLC)22945508</subfield></datafield></record>